@article{chum_guy_jacobson_mosunov_2018, title={Numerical and Statistical Analysis of Aliquot Sequences}, volume={29}, DOI={10.1080/10586458.2018.1477077}, number={4}, journal={Experimental Mathematics}, author={Chum, K. and Guy, R. K. and Jacobson, Jr. M. J. and Mosunov, A. S.}, year={2018}, pages={414–425}} 

@article{catalan_1888, title={Propositions et questions diverses}, volume={2}, DOI={10.24033/bsmf.366}, journal={Bulletin de la Société mathématique de France}, author={Catalan, E.}, year={1888}, pages={128–129}} 

@article{guy_selfridge_1975, title={What drives an aliquot sequence?}, volume={29}, DOI={10.1090/s0025-5718-1975-0384669-x}, number={129}, journal={Mathematics of Computation}, author={Guy, Richard K. and Selfridge, J. L.}, year={1975}, pages={101–101}} 

@article{pomYang,
    ISSN = {00255718, 10886842},
    URL = {http://www.jstor.org/stable/24488263},
    author = {Carl Pomerance and Hee-Sung Yang},
    journal = {Mathematics of Computation},
    number = {288},
    pages = {1903--1913},
    publisher = {American Mathematical Society},
    title = {Variant of a Theorem of Erdös on the Sum-of-Proper-Divisors Function.},
    volume = {83},
    year = {2014}
}

@article{pollPom,
author = {Pollack, Paul and Pomerance, Carl},
year = {2016},
month = {04},
pages = {1-26},
title = {Some problems of Erdős on the sum-of-divisors function},
volume = {3},
journal = {Transactions of the American Mathematical Society, Series B},
doi = {10.1090/btran/10}
}

@article{chen_zhao_2011, title={Nonaliquot numbers}, volume={78}, DOI={10.5486/pmd.2011.4820}, number={2}, journal={Publicationes Mathematicae Debrecen}, author={Chen, Yong-Gao and Zhao, Qing-Qing}, year={2011}, pages={439–442}}

@misc{zimmermann_2016, title={Aliquot sequences 276, 552, 564, 660, 996, 1074 and 1134 }, url={http://christophe.clavier.free.fr/Aliquot/site/zimmermann_table.html}, journal={Aliquot}, author={Zimmermann, Paul}, year={2016}, month={Aug}}