\begin{thebibliography}{}

\bibitem[Catalan, 1888]{catalan_1888}
Catalan, E. (1888).
\newblock Propositions et questions diverses.
\newblock {\em Bulletin de la Société mathématique de France}, 2:128–129.

\bibitem[Chen and Zhao, 2011]{chen_zhao_2011}
Chen, Y.-G. and Zhao, Q.-Q. (2011).
\newblock Nonaliquot numbers.
\newblock {\em Publicationes Mathematicae Debrecen}, 78(2):439–442.

\bibitem[Chum et~al., 2018]{chum_guy_jacobson_mosunov_2018}
Chum, K., Guy, R.~K., Jacobson, J. M.~J., and Mosunov, A.~S. (2018).
\newblock Numerical and statistical analysis of aliquot sequences.
\newblock {\em Experimental Mathematics}, 29(4):414–425.

\bibitem[Guy and Selfridge, 1975]{guy_selfridge_1975}
Guy, R.~K. and Selfridge, J.~L. (1975).
\newblock What drives an aliquot sequence?
\newblock {\em Mathematics of Computation}, 29(129):101–101.

\bibitem[Pollack and Pomerance, 2016]{pollPom}
Pollack, P. and Pomerance, C. (2016).
\newblock Some problems of erdős on the sum-of-divisors function.
\newblock {\em Transactions of the American Mathematical Society, Series B},
  3:1--26.

\bibitem[Pomerance and Yang, 2014]{pomYang}
Pomerance, C. and Yang, H.-S. (2014).
\newblock Variant of a theorem of erdös on the sum-of-proper-divisors
  function.
\newblock {\em Mathematics of Computation}, 83(288):1903--1913.

\bibitem[Zimmermann, 2016]{zimmermann_2016}
Zimmermann, P. (2016).
\newblock Aliquot sequences 276, 552, 564, 660, 996, 1074 and 1134.

\end{thebibliography}
