@article{chum,
    author = {K. Chum and R. K. Guy and M. J. Jacobson, Jr. and A. S. Mosunov},
    title = {Numerical and Statistical Analysis of Aliquot Sequences},
    journal = {Experimental Mathematics},
    volume = {0},
    number = {0},
    pages = {1-12},
    year  = {2018},
    publisher = {Taylor & Francis},
    doi = {10.1080/10586458.2018.1477077},
    URL = {https://doi.org/10.1080/10586458.2018.1477077},
    eprint = {https://doi.org/10.1080/10586458.2018.1477077}
}


@article{pomYang,
    ISSN = {00255718, 10886842},
    URL = {http://www.jstor.org/stable/24488263},
    author = {CARL POMERANCE and HEE-SUNG YANG},
    journal = {Mathematics of Computation},
    number = {288},
    pages = {1903--1913},
    publisher = {American Mathematical Society},
    title = {VARIANT OF A THEOREM OF ERDŐS ON THE SUM-OF-PROPER-DIVISORS FUNCTION},
    volume = {83},
    year = {2014}
}

@book{riele,
  title={A Theoretical and Computational Study of Generalized Aliquot Sequences},
  author={te Riele, H.J.J.},
  lccn={80501729},
  series={Mathematical Centre tracts},
  url={https://books.google.ca/books?id=8vbuAAAAMAAJ},
  year={1976},
  publisher={Mathematisch Centrum}
}

@article{pollPom,
author = {Pollack, Paul and Pomerance, Carl},
year = {2016},
month = {04},
pages = {1-26},
title = {Some problems of Erdős on the sum-of-divisors function},
volume = {3},
journal = {Transactions of the American Mathematical Society, Series B},
doi = {10.1090/btran/10}
}

@misc{balls,
  author        = {Hemanta Maji},
  title         = {Lecture 03: Balls \&  Bins (Birthday Paradox,Max-Load)},
  month         = {Spring},
  year          = {2017},
  publisher={Purdue University Department of Computer Science}
}

@misc{dens,
  author        = {Matthew Conroy},
  title         = {Examples of integer sequence density calculations},
  link          = {https://sites.math.washington.edu/~conroy/WXML/integerSequenceNoise/density/densityExamples.pdf},    
  
  publisher={University of Washington Department of Mathematics}
}

