@article{chum_guy_jacobson_mosunov_2018, title={Numerical and Statistical Analysis of Aliquot Sequences}, volume={29}, DOI={10.1080/10586458.2018.1477077}, number={4}, journal={Experimental Mathematics}, author={Chum, K. and Guy, R. K. and Jacobson, Jr. M. J. and Mosunov, A. S.}, year={2018}, pages={414–425}} 

@article{catalan_1888, title={Propositions et questions diverses}, volume={2}, DOI={10.24033/bsmf.366}, journal={Bulletin de la Société Mathématique de France}, author={Catalan, E.}, year={1888}, pages={128–129}} 

@article{guy_selfridge_1975, title={What drives an aliquot sequence?}, volume={29}, DOI={10.1090/s0025-5718-1975-0384669-x}, number={129}, journal={Mathematics of Computation}, author={Guy, Richard K. and Selfridge, J. L.}, year={1975}, pages={101–101}} 

@article{pomYang,
    ISSN = {00255718, 10886842},
    URL = {http://www.jstor.org/stable/24488263},
    author = {Carl Pomerance and Hee-Sung Yang},
    journal = {Mathematics of Computation},
    number = {288},
    pages = {1903--1913},
    publisher = {American Mathematical Society},
    title = {Variant of a Theorem of Erdös on the Sum-of-Proper-Divisors Function.},
    volume = {83},
    year = {2014}
}

@article{pollPom,
author = {Pollack, Paul and Pomerance, Carl},
year = {2016},
month = {04},
pages = {1-26},
title = {Some problems of Erdős on the sum-of-divisors function},
volume = {3},
journal = {Transactions of the American Mathematical Society, Series B},
doi = {10.1090/btran/10}
}

@article{chen_zhao_2011, title={Nonaliquot numbers}, volume={78}, DOI={10.5486/pmd.2011.4820}, number={2}, journal={Publicationes Mathematicae Debrecen}, author={Chen, Yong-Gao and Zhao, Qing-Qing}, year={2011}, pages={439–442}}

@misc{zimmermann_2016, title={Aliquot sequences 276, 552, 564, 660, 996, 1074 and 1134 }, url={http://christophe.clavier.free.fr/Aliquot/site/zimmermann_table.html},  howpublished = {\\http://christophe.clavier.free.fr/Aliquot/site/zimmermann\_table.html}, author={Zimmermann, Paul}, year={2016}, month={Aug}}

@misc{average_order,
title={Average order of an arithmetic function},
author={{Encyclopedia of Mathematics}},
year={2010},
url={https://encyclopediaofmath.org/wiki/Average_order_of_an_arithmetic_function}, 
journal={Encyclopedia of Mathematics}
} 

@article{laatsch_1986, title={Measuring the Abundancy of Integers}, volume={59}, DOI={10.1080/0025570x.1986.11977227}, number={2}, journal={Mathematics Magazine}, author={Laatsch, Richard}, year={1986}, pages={84–92}}

@article{bosma_kane_2010, title={The Aliquot Constant}, volume={63}, DOI={10.1093/qmath/haq050}, number={2}, journal={The Quarterly Journal of Mathematics}, author={Bosma, W. and Kane, B.}, year={2010}, pages={309–323}} 

@article{oeis_untouchable, title={A005114}, url={https://oeis.org/A005114}, journal={Online Encyclopedia of Integer Sequences}, author={Sloane, N. J. A.}, year={1995}}

@misc{ikenaga_2019, url={https://sites.millersville.edu/bikenaga/number-theory/arithmetic-functions/arithmetic-functions.html}, journal={Arithmetic Functions}, author={Ikenaga, Bruce}, year={2019}}

@MISC {sumdiv_odd,
    TITLE = {prove sum of divisors of a square number is odd},
    AUTHOR = {Dan Shved},
    HOWPUBLISHED = {Mathematics Stack Exchange},
    NOTE = {\\https://math.stackexchange.com/q/241938 (version: 2012-11-21)},
    EPRINT = {https://math.stackexchange.com/q/241938},
    URL = {https://math.stackexchange.com/q/241938},
    year = {2012}
}

@misc{2021Multiplicative,
	note = {[Online; accessed 2021-11-16]},
	year = {2021},
	month = {July 7},
	AUTHOR = {Wissam Raji},
	publisher = {American University of Beirut},
	title = {Multiplicative {Number} {Theoretic} {Functions}},
}

@article{moews_moews_1991, title={A Search for Aliquot Cycles Below 10 10}, volume={57}, DOI={10.2307/2938722}, number={196}, journal={Mathematics of Computation}, author={Moews, David and Moews, Paul C.}, year={1991}, pages={849}} 